@book{
    ep2e_1.1_2019,
    author = {Boyle, Rob AND Cole, Davidson AND Berman, Simon AND Cross, Katherine AND Dean, Natalia AND Graham, Jack AND Gunnell, Travas AND Hood, Sarah AND Huete, Marc AND Mical, Jason AND Payton, Ross AND Smith, Evie},
    title = {Eclipse Phase Second Edition},
    publisher = {Posthuman Studios},
    edition = {Version 1.1 2019-08-31},
    year = {2019}
}